@article{D_az_Jaramillo_2022,
	doi = {10.1103/physrevd.105.045012},
  
	url = {https://doi.org/10.1103%2Fphysrevd.105.045012},
  
	year = 2022,
	month = {feb},
  
	publisher = {American Physical Society ({APS})},
  
	volume = {105},
  
	number = {4},
  
	author = {Felipe D{\'{\i}
}az-Jaramillo and Olaf Hohm and Jan Plefka},
  
	title = {Double field theory as the double copy of Yang-Mills theory},
  
	journal = {Physical Review D}
}
@article{hull2009double,
  title = {Double Field Theory},
  author = {Hull, Chris and Zwiebach, Barton},
  journal = {Journal of High Energy Physics},
  volume = {09},
  year = {2009},
  pages = {099},
  archivePrefix = {arXiv},
  eprint = {0904.4664},
  primaryClass = {hep-th},
  url = {https://doi.org/10.1088/1126-6708/2009/09/099},
  doi = {10.1088/1126-6708/2009/09/099}
}

@article{hull2009gauge,
  title = {The Gauge algebra of double field theory and Courant brackets},
  author = {Hull, Chris and Zwiebach, Barton},
  journal = {Journal of High Energy Physics},
  volume = {09},
  year = {2009},
  pages = {090},
  archivePrefix = {arXiv},
  eprint = {0908.1792},
  primaryClass = {hep-th},
  url = {https://doi.org/10.1088/1126-6708/2009/09/090},
  doi = {10.1088/1126-6708/2009/09/090}
}

@article{hohm2010background,
  title = {Background independent action for double field theory},
  author = {Hohm, Olaf and Hull, Chris and Zwiebach, Barton},
  journal = {Journal of High Energy Physics},
  volume = {07},
  year = {2010},
  pages = {016},
  archivePrefix = {arXiv},
  eprint = {1003.5027},
  primaryClass = {hep-th},
  url = {https://doi.org/10.1007/JHEP07(2010)016},
  doi = {10.1007/JHEP07(2010)016}
}

@article{hohm2010generalized,
  title = {Generalized metric formulation of double field theory},
  author = {Hohm, Olaf and Hull, Chris and Zwiebach, Barton},
  journal = {Journal of High Energy Physics},
  volume = {08},
  year = {2010},
  pages = {008},
  archivePrefix = {arXiv},
  eprint = {1006.4823},
  primaryClass = {hep-th},
  url = {https://doi.org/10.1007/JHEP08(2010)008},
  doi = {10.1007/JHEP08(2010)008}
}

@article{WITTEN1978394,
title = {An interpretation of classical Yang-Mills theory},
journal = {Physics Letters B},
volume = {77},
number = {4},
pages = {394-398},
year = {1978},
issn = {0370-2693},
doi = {https://doi.org/10.1016/0370-2693(78)90585-3},
url = {https://www.sciencedirect.com/science/article/pii/0370269378905853},
author = {Edward Witten},
abstract = {We present a new formulation, in twistor space, of the classical second-order Yang-Mills field equations.}
}

@article{RevModPhys.52.661,
  title = {Introduction to the Yang-Mills quantum theory},
  author = {Jackiw, R.},
  journal = {Rev. Mod. Phys.},
  volume = {52},
  issue = {4},
  pages = {661--673},
  numpages = {0},
  year = {1980},
  month = {Oct},
  publisher = {American Physical Society},
  doi = {10.1103/RevModPhys.52.661},
  url = {https://link.aps.org/doi/10.1103/RevModPhys.52.661}
}


@article{Bern2008,
  title={New Relations for Gauge-Theory Amplitudes},
  author={Z. Bern and J. J. M. Carrasco and Henrik Johansson},
  journal={Phys. Rev. D},
  volume={78},
  pages={085011},
  year={2008},
  eprint={arXiv:0805.3993},
  archivePrefix={arXiv},
  primaryClass={hep-ph}
}

@article{Bern2010,
  title={Perturbative Quantum Gravity as a Double Copy of Gauge Theory},
  author={Zvi Bern and John Joseph M. Carrasco and Henrik Johansson},
  journal={Phys. Rev. Lett.},
  volume={105},
  pages={061602},
  year={2010},
  eprint={arXiv:1004.0476},
  archivePrefix={arXiv},
  primaryClass={hep-th}
}

@article{Bern2019,
  title={The Duality Between Color and Kinematics and its Applications},
  author={Zvi Bern and John Joseph Carrasco and Marco Chiodaroli and Henrik Johansson and Radu Roiban},
  year={2019},
  eprint={arXiv:1909.01358},
  archivePrefix={arXiv},
  primaryClass={hep-th}
}



@article{Wood2021,
  title={How Gravity is a Double Copy of Other Forces},
  author={C. Wood},
  year={2021},
  journal={quantamagazine.org}
}

@article{Bern2010b,
  title={Gravity as the Square of Gauge Theory},
  author={Zvi Bern and Tristan Dennen and Yu-tin Huang and Michael Kiermaier},
  journal={Phys. Rev. D},
  volume={82},
  pages={065003},
  year={2010},
  eprint={arXiv:1004.0693},
  archivePrefix={arXiv},
  primaryClass={hep-th}
}
@article{Oxburgh_2013,
	doi = {10.1007/jhep02(2013)127},
  
	url = {https://doi.org/10.1007%2Fjhep02%282013%29127},
  
	year = 2013,
	month = {feb},
  
	publisher = {Springer Science and Business Media {LLC}
},
  
	volume = {2013},
  
	number = {2},
  
	author = {S. Oxburgh and C. D. White},
  
	title = {{BCJ} duality and the double copy in the soft limit},
  
	journal = {Journal of High Energy Physics}
}

@article{borsten2020gravity,
  title = {Gravity as the square of gauge theory: a review},
  author = {Borsten, L.},
  journal = {La Rivista del Nuovo Cimento},
  volume = {43},
  pages = {97--186},
  year = {2020},
  doi = {10.1393/ncr/i2020-10187-3},
  url = {https://doi.org/10.1393/ncr/i2020-10187-3}
}
@article{Grassmann,
author = {Nicolai, H.},
title = {From Grassmann to maximal (N = 8) supergravity},
journal = {Annalen der Physik},
volume = {522},
number = {3-5},
pages = {150-160},
keywords = {Grassmannian variables, supersymmetry, supergravity.},
doi = {https://doi.org/10.1002/andp.201052203-504},
url = {https://onlinelibrary.wiley.com/doi/abs/10.1002/andp.201052203-504},
eprint = {https://onlinelibrary.wiley.com/doi/pdf/10.1002/andp.201052203-504},
abstract = {No graphical abstract.},
year = {2010}
}

@article{ANANTH2007128,
title = {KLT relations from the Einstein–Hilbert Lagrangian},
journal = {Physics Letters B},
volume = {652},
number = {2},
pages = {128-134},
year = {2007},
issn = {0370-2693},
doi = {https://doi.org/10.1016/j.physletb.2007.07.003},
url = {https://www.sciencedirect.com/science/article/pii/S0370269307008143},
author = {Sudarshan Ananth and Stefan Theisen},
abstract = {The Kawai–Lewellen–Tye (KLT) relations derived from string theory tell us that perturbative gravity amplitudes are the “square” of the corresponding amplitudes in gauge theory. Starting from the light-cone Lagrangian for pure gravity we make these relations manifest off-shell, for three- and four-graviton vertices, at the level of the action.}
}


@article{wood2021gravity,
  title = {How Gravity is a Double Copy of Other Forces},
  author = {Wood, C.},
  journal = {Quantamagazine.org},
  year = {2021},
  url = {https://www.quantamagazine.org/how-gravity-is-a-double-copy-of-other-forces-20210714/}
}

@article{Bonezzi2022,
  author    = {R. Bonezzi and F. Diaz-Jaramillo and O. Hohm},
  title     = {The Gauge Structure of Double Field Theory follows from Yang-Mills Theory},
  journal   = {arXiv preprint},
  year      = {2022},
  eprint    = {2203.07397},
  archivePrefix = {arXiv},
  primaryClass = {hep-th}
}


@article{Bjerrum_Bohr_2004,
	doi = {10.1103/physrevd.70.086011},
  
	url = {https://doi.org/10.1103%2Fphysrevd.70.086011},
  
	year = 2004,
	month = {oct},
  
	publisher = {American Physical Society ({APS})},
  
	volume = {70},
  
	number = {8},
  
	author = {N. E. J. Bjerrum-Bohr and K. Risager},
  
	title = {String theory and the Kawai-Lewellen-Tye relations between gravity and gauge theory including external matter},
  
	journal = {Physical Review D}
}